<?xml version="1.0" encoding="UTF-8"?><collection xmlns="http://www.loc.gov/MARC21/slim"><record><leader>00406nam--2200133-i-4500</leader><controlfield tag="001">000039430</controlfield><controlfield tag="002">20161230</controlfield><controlfield tag="005">20161230201042</controlfield><controlfield tag="008">060222s1000------------r-----000-0-eng-d</controlfield><datafield ind1=" " ind2=" " tag="100"><subfield code="a">Rocaboy, Francis</subfield></datafield><datafield ind1=" " ind2=" " tag="245"><subfield code="a">Polymerisation des composes vinyliques au moyen de catalyseurs marques par des groupments colores</subfield></datafield><datafield ind1=" " ind2=" " tag="260"><subfield code="a">Lyon, La Fac.Des Sciences De L`Univ., 1964, 137p</subfield></datafield><datafield ind1=" " ind2=" " tag="490"><subfield code="a">Theses</subfield></datafield><datafield ind1=" " ind2=" " tag="852"><subfield code="a">22776</subfield></datafield></record></collection>